<?xml version = "1.0" encoding = "UTF-8"?>
  <collection xmlns="http://www.loc.gov/MARC21/slim"
xmlns:xsi="http://www.w3.org/2001/XMLSchema-instance"
xsi:schemaLocation="http://www.loc.gov/MARC21/slim
http://www.loc.gov/standards/marcxml/schema/MARC21slim.xsd">
    <record xmlns="http://www.loc.gov/MARC21/slim"
xmlns:xsi="http://www.w3.org/2001/XMLSchema-instance"
xsi:schemaLocation="http://www.loc.gov/MARC21/slim
http://www.loc.gov/standards/marcxml/schema/MARC21slim.xsd">
      <leader>     nam a22     7a 4500</leader>
      <controlfield tag="FMT">RP</controlfield>
      <controlfield tag="LDR">     nam a22     7a 4500</controlfield>
      <controlfield tag="001">001082675</controlfield>
      <controlfield tag="003">CZ BrMZK</controlfield>
      <controlfield tag="005">20101210155029.0</controlfield>
      <controlfield tag="007">ta</controlfield>
      <controlfield tag="008">100930q17441746xx     fr|||||00| ||latod</controlfield>
      <datafield tag="040" ind1=" " ind2=" ">
        <subfield code="a">BOA001</subfield>
        <subfield code="b">cze</subfield>
      </datafield>
      <datafield tag="072" ind1=" " ind2="7">
        <subfield code="a">091</subfield>
        <subfield code="x">Rukopisy</subfield>
        <subfield code="2">Konspekt</subfield>
        <subfield code="9">12</subfield>
      </datafield>
      <datafield tag="245" ind1="0" ind2="0">
        <subfield code="a">Hieronymus Haura: Miscellanea iucundo-curiosa … T. I.</subfield>
      </datafield>
      <datafield tag="260" ind1=" " ind2=" ">
        <subfield code="c">1744-1746</subfield>
      </datafield>
      <datafield tag="501" ind1=" " ind2=" ">
        <subfield code="a">Obsahuje: Přívazek 1, [Wein ist mein Sorgen=Grab... ]. -- Přívazek 2, [Das neueste was in Augspurg passiert ...]. -- Přívazek 3, Doctor Martin Luther Professor der hochen Schul zu Wittemberg ... -- Přívazek 4, Iustus, si morte praeoccupatus fuerit, in refrigerio erit ... -- Přívazek 5, Grund Riss ... / Antonín Birkhard. -- Přívazek 6, Abbildung jenes wunderbahrlichen Creutz, welches den 25 July 1742. bey der Kön. Armee in Böheim zu Motol, in einen Erlesenen Stock gefunden worden. -- Přívazek 7, Kurtze Beschreibung ... -- Přívazek 8, Grundriß der König. Bohmischen Haupt Stadt ... / Christoph Riegel. -- Přívazek 9, [Cirkulář]. -- Přívazek 10, Nach dem Ihro König. May: in Hung. u: böch: König: Armee die stadt prag belagert so seind wegen mangel deren leben mitteln die Frantzosen bemüsiget worden, ihre pferde zu schlachten ... -- Přívazek 11, Nach dem Ihro Kön. May: in Hung: u: Boeh: unserer aller gnedigsten Landes fürstin Königliche Armee die stadt Prag belagert und Eingeschlossen, so seind wegen Mangel dern Lebens Mitteln die frantzosen bemüssiget worden ihre Reütterey abzusetzen, und dero selben Pferde zu schlachten ... -- Přívazek 12, Declaration de Mr. de la Nouë ... / Denis Malbran de la Noue. -- Přívazek 13, Hier ist ankommen Jacob Eberlin von Einsiedel aus der Schweitz ... -- Přívazek 14, Ein Zug Ihro Königliche Mayestett Mariae Theresiae Konigen Zu Hungern und Böheimb, ... -- Přívazek 15, Plan des den 27. Jan. 1745 bey Dettingen. -- Přívazek 16, Eigentliche Abbildung der Bludigen ... / Christoph Riegel. -- Přívazek 17, Reichs Post=Reuter. -- Přívazek 18, Accurater Plan von der Belagerung der gesten Stadt Eger ... / Elias Baeck. -- Přívazek 19, Accurater Grund-Riß ... / Christoph Riegel. -- Přívazek 20, [Anfang betrachtet das Ende] ... -- Přívazek 21, Vorstellung eines Commandirenden Dalpatschen Obristen. -- Přívazek 22, Ausführliche Relation ... -- Přívazek 23, MAPA.</subfield>
      </datafield>
      <datafield tag="501" ind1=" " ind2=" ">
        <subfield code="a">Obsahuje: Přívazek 24, [Relation Der den 9ten Octobris 1744. bey Teyn mit denen Preussen vorgefallenen Action ...]. -- Přívazek 25, MAPA.-- Přívazek 26, Erfochtene Victoria des Königs von Sardinien ... -- Přívazek 27, [Relation Der von denen feindlichen Preussischen Kriegs=Völkern den 26. November 1744. verlassener Königl. Böheimischer Haupt=Stadt Prag]. -- Přívazek 28, PÍSEŇ. -- Přívazek 29, Ein nach Hauß marchierender Tolpatsch. -- Přívazek 30, [Patent ... ] / Marie Terezie. -- Přívazek 31, [Aus Pohlen ...]. -- Přívazek 32, Präliminar=Friedensartikel zwischen der Französischen Republik und Sr. Brittischen Majestät ...</subfield>
      </datafield>
      <datafield tag="655" ind1=" " ind2="7">
        <subfield code="a">rukopisy</subfield>
        <subfield code="2">czenas</subfield>
      </datafield>
      <datafield tag="650" ind1="0" ind2="7">
        <subfield code="a">středověké rukopisy</subfield>
        <subfield code="2">czenas</subfield>
      </datafield>
      <datafield tag="910" ind1=" " ind2=" ">
        <subfield code="b">A-019</subfield>
      </datafield>
      <datafield tag="SGG" ind1=" " ind2=" ">
        <subfield code="a">019</subfield>
      </datafield>
      <datafield tag="PRU" ind1=" " ind2=" ">
        <subfield code="a">VZR 100930 PB</subfield>
      </datafield>
    </record>