

<record xmlns="http://www.loc.gov/MARC21/slim"
xmlns:xsi="http://www.w3.org/2001/XMLSchema-instance"
xsi:schemaLocation="http://www.loc.gov/MARC21/slim
http://www.loc.gov/standards/marcxml/schema/MARC21slim.xsd">
  <leader>     nkm a22     7a 4500</leader>
  <controlfield tag="FMT">GP</controlfield>
  <controlfield tag="LDR">     nkm a22     7a 4500</controlfield>
  <controlfield tag="001">001084541</controlfield>
  <controlfield tag="003">CZ BrMZK</controlfield>
  <controlfield tag="005">20101207121815.0</controlfield>
  <controlfield tag="007">kj ao|</controlfield>
  <controlfield tag="008">101207q17421746xr ||| f     ||   k|gerod</controlfield>
  <datafield tag="040" ind1=" " ind2=" ">
    <subfield code="a">BOA001</subfield>
    <subfield code="b">cze</subfield>
  </datafield>
  <datafield tag="072" ind1=" " ind2="7">
    <subfield code="a">76</subfield>
    <subfield code="x">Grafické umění. Grafika</subfield>
    <subfield code="2">Konspekt</subfield>
    <subfield code="9">21</subfield>
  </datafield>
  <datafield tag="080" ind1=" " ind2=" ">
    <subfield code="a">025.171</subfield>
    <subfield code="2">MRF</subfield>
  </datafield>
  <datafield tag="080" ind1=" " ind2=" ">
    <subfield code="a">(0.026.6)76</subfield>
    <subfield code="2">MRF</subfield>
  </datafield>
  <datafield tag="080" ind1=" " ind2=" ">
    <subfield code="a">(437.311)</subfield>
    <subfield code="2">MRF</subfield>
  </datafield>
  <datafield tag="245" ind1="0" ind2="0">
    <subfield code="a">Nach dem Ihro Kön. May: in Hung: u: Boeh: unserer aller gnedigsten Landes fürstin Königliche Armee die stadt Prag belagert und Eingeschlossen, so seind wegen Mangel dern Lebens Mitteln die frantzosen bemüssiget worden ihre Reütterey abzusetzen, und dero selben Pferde zu schlachten</subfield>
    <subfield code="h">[grafika] :</subfield>
    <subfield code="b">7625 stuck von 1 July bis 15 Sept: 1742. das fleisch unter denen soldaten verzehret worden die schlacht war auf so benanden Tumel Platz in der altstadt wie der abriß weist</subfield>
  </datafield>
  <datafield tag="260" ind1=" " ind2=" ">
    <subfield code="a">[S.l. :</subfield>
    <subfield code="b">s.n.,</subfield>
    <subfield code="c">1742-1746]</subfield>
  </datafield>
  <datafield tag="300" ind1=" " ind2=" ">
    <subfield code="a">1 list :</subfield>
    <subfield code="b">mědirytina ;</subfield>
    <subfield code="c">24,6x35,2 cm na listu 30,6x44 cm</subfield>
  </datafield>
  <datafield tag="501" ind1=" " ind2=" ">
    <subfield code="a">Přívazek 11 k: Miscellanea iucundo-curiosa … T. I. / Hieronymus Haura</subfield>
  </datafield>
  <datafield tag="648" ind1=" " ind2="7">
    <subfield code="a">1701-1750</subfield>
    <subfield code="2">czenas</subfield>
  </datafield>
  <datafield tag="650" ind1="0" ind2="7">
    <subfield code="a">historické knihovní fondy</subfield>
    <subfield code="2">czenas</subfield>
  </datafield>
  <datafield tag="651" ind1=" " ind2="7">
    <subfield code="a">Praha (Česko)</subfield>
    <subfield code="2">czenas</subfield>
  </datafield>
  <datafield tag="655" ind1=" " ind2="7">
    <subfield code="a">grafické listy</subfield>
    <subfield code="2">czenas</subfield>
  </datafield>
  <datafield tag="910" ind1=" " ind2=" ">
    <subfield code="b">A-019,přív.11</subfield>
  </datafield>
  <datafield tag="SGG" ind1=" " ind2=" ">
    <subfield code="a">019</subfield>
  </datafield>
  <datafield tag="LKR" ind1=" " ind2=" ">
    <subfield code="a">UP</subfield>
    <subfield code="b">1082675</subfield>
    <subfield code="l">MZK03</subfield>
    <subfield code="m">přívazek 11</subfield>
    <subfield code="n">záznam 1. díla</subfield>
  </datafield>
  <datafield tag="PRU" ind1=" " ind2=" ">
    <subfield code="a">VZGR 101207 ER</subfield>
  </datafield>
</record>