

<record xmlns="http://www.loc.gov/MARC21/slim"
xmlns:xsi="http://www.w3.org/2001/XMLSchema-instance"
xsi:schemaLocation="http://www.loc.gov/MARC21/slim
http://www.loc.gov/standards/marcxml/schema/MARC21slim.xsd">
  <leader>     nam a22     7a 4500</leader>
  <controlfield tag="FMT">RP</controlfield>
  <controlfield tag="LDR">     nam a22     7a 4500</controlfield>
  <controlfield tag="001">001084542</controlfield>
  <controlfield tag="003">CZ BrMZK</controlfield>
  <controlfield tag="005">20101207124554.0</controlfield>
  <controlfield tag="007">ta</controlfield>
  <controlfield tag="008">101207s1743    au     fr|||||00| ||freod</controlfield>
  <datafield tag="040" ind1=" " ind2=" ">
    <subfield code="a">BOA001</subfield>
    <subfield code="b">cze</subfield>
  </datafield>
  <datafield tag="041" ind1="0" ind2=" ">
    <subfield code="a">fre</subfield>
    <subfield code="a">ger</subfield>
  </datafield>
  <datafield tag="072" ind1=" " ind2="7">
    <subfield code="a">094</subfield>
    <subfield code="x">Staré tisky</subfield>
    <subfield code="2">Konspekt</subfield>
    <subfield code="9">12</subfield>
  </datafield>
  <datafield tag="100" ind1="1" ind2=" ">
    <subfield code="a">Noue, Denis Malbran de la</subfield>
    <subfield code="4">aut</subfield>
  </datafield>
  <datafield tag="245" ind1="1" ind2="0">
    <subfield code="a">Declaration de Mr. de la Nouë :</subfield>
    <subfield code="b">(Antwort Auf die von Franckreich den 26. Julii 1743. zu Franckfurt übergebene Erklärung ; Handschreiben Sr. Königlichen Majestät zu Hungarn und Böheim ec. an Se. Churfürstl. Gnaden zu Mayntz ...)</subfield>
  </datafield>
  <datafield tag="260" ind1=" " ind2=" ">
    <subfield code="a">[Wien ? :</subfield>
    <subfield code="b">s.n.,</subfield>
    <subfield code="c">1743]</subfield>
  </datafield>
  <datafield tag="300" ind1=" " ind2=" ">
    <subfield code="a">8 s. ;</subfield>
    <subfield code="c">2°</subfield>
  </datafield>
  <datafield tag="500" ind1=" " ind2=" ">
    <subfield code="a">Výzdoba: vlysy, viněta</subfield>
  </datafield>
  <datafield tag="501" ind1=" " ind2=" ">
    <subfield code="a">Přívazek 12 k: Miscellanea iucundo-curiosa … T. I. / Hieronymus Haura</subfield>
  </datafield>
  <datafield tag="546" ind1=" " ind2=" ">
    <subfield code="a">Francouzský a německý text</subfield>
  </datafield>
  <datafield tag="648" ind1=" " ind2="7">
    <subfield code="a">1701-1750</subfield>
    <subfield code="2">czenas</subfield>
  </datafield>
  <datafield tag="655" ind1=" " ind2="7">
    <subfield code="a">staré tisky</subfield>
    <subfield code="2">czenas</subfield>
  </datafield>
  <datafield tag="700" ind1="0" ind2=" ">
    <subfield code="a">Marie Terezie,</subfield>
    <subfield code="c">česká a uherská královna, císařovna, choť Františka Štěpána I., římskoněmeckého císaře,</subfield>
    <subfield code="d">1717-1780</subfield>
    <subfield code="7">jn20000701157</subfield>
    <subfield code="4">aut</subfield>
  </datafield>
  <datafield tag="910" ind1=" " ind2=" ">
    <subfield code="b">A-019,přív.12</subfield>
  </datafield>
  <datafield tag="978" ind1=" " ind2=" ">
    <subfield code="a">S.n.</subfield>
    <subfield code="c">Wien</subfield>
    <subfield code="f">1743</subfield>
  </datafield>
  <datafield tag="984" ind1=" " ind2=" ">
    <subfield code="a">Vídeň</subfield>
    <subfield code="b">Rakousko</subfield>
  </datafield>
  <datafield tag="SGG" ind1=" " ind2=" ">
    <subfield code="a">019</subfield>
  </datafield>
  <datafield tag="LKR" ind1=" " ind2=" ">
    <subfield code="a">UP</subfield>
    <subfield code="b">1082675</subfield>
    <subfield code="l">MZK03</subfield>
    <subfield code="m">přívazek 12</subfield>
    <subfield code="n">záznam 1. díla</subfield>
  </datafield>
  <datafield tag="PRU" ind1=" " ind2=" ">
    <subfield code="a">VZST 101207 ER</subfield>
  </datafield>
</record>