

<record xmlns="http://www.loc.gov/MARC21/slim"
xmlns:xsi="http://www.w3.org/2001/XMLSchema-instance"
xsi:schemaLocation="http://www.loc.gov/MARC21/slim
http://www.loc.gov/standards/marcxml/schema/MARC21slim.xsd">
  <leader>     nam a22     7a 4500</leader>
  <controlfield tag="FMT">RP</controlfield>
  <controlfield tag="LDR">     nam a22     7a 4500</controlfield>
  <controlfield tag="001">001084556</controlfield>
  <controlfield tag="003">CZ BrMZK</controlfield>
  <controlfield tag="005">20101208143437.0</controlfield>
  <controlfield tag="007">ta</controlfield>
  <controlfield tag="008">101208q17441746gw b   fr|||||00| ||gerod</controlfield>
  <datafield tag="040" ind1=" " ind2=" ">
    <subfield code="a">BOA001</subfield>
    <subfield code="b">cze</subfield>
  </datafield>
  <datafield tag="072" ind1=" " ind2="7">
    <subfield code="a">094</subfield>
    <subfield code="x">Staré tisky</subfield>
    <subfield code="2">Konspekt</subfield>
    <subfield code="9">12</subfield>
  </datafield>
  <datafield tag="245" ind1="0" ind2="0">
    <subfield code="a">Ausführliche Relation :</subfield>
    <subfield code="b">Nebst dem in Kupffer gestochenen Plan /</subfield>
    <subfield code="c">Des unter tapffrer Anführung Ihro Durchlaucht Hertzog Carl von Lothringen glücklich vollbrachten Ubergang der Oesterreichis. Völcker über den Rhein</subfield>
  </datafield>
  <datafield tag="260" ind1=" " ind2=" ">
    <subfield code="a">[Augspurg ? :</subfield>
    <subfield code="b">zu finden bey Joh. Andreas Steislinger jünger ?,</subfield>
    <subfield code="c">1744-1746]</subfield>
  </datafield>
  <datafield tag="300" ind1=" " ind2=" ">
    <subfield code="a">)(1-)(4 [=4 l.] ;</subfield>
    <subfield code="c">4°</subfield>
  </datafield>
  <datafield tag="500" ind1=" " ind2=" ">
    <subfield code="a">Výzdoba: vlys z typografických ozdob, viněta, složená mapová příloha</subfield>
  </datafield>
  <datafield tag="500" ind1=" " ind2=" ">
    <subfield code="a">Impresum převzato z údajů na mapě</subfield>
  </datafield>
  <datafield tag="501" ind1=" " ind2=" ">
    <subfield code="a">Přívazek 22 k: Miscellanea iucundo-curiosa … T. I. / Hieronymus Haura</subfield>
  </datafield>
  <datafield tag="648" ind1=" " ind2="7">
    <subfield code="a">1701-1750</subfield>
    <subfield code="2">czenas</subfield>
  </datafield>
  <datafield tag="655" ind1=" " ind2="7">
    <subfield code="a">staré tisky</subfield>
    <subfield code="2">czenas</subfield>
  </datafield>
  <datafield tag="700" ind1="0" ind2=" ">
    <subfield code="a">Karl,</subfield>
    <subfield code="c">Prinz von Lothringen,</subfield>
    <subfield code="d">1712-1780</subfield>
    <subfield code="7">jn20040130001</subfield>
    <subfield code="4">oth</subfield>
  </datafield>
  <datafield tag="910" ind1=" " ind2=" ">
    <subfield code="b">A-019,přív.22</subfield>
  </datafield>
  <datafield tag="978" ind1=" " ind2=" ">
    <subfield code="a">Steislinger</subfield>
    <subfield code="b">Johann Andreas ml.</subfield>
    <subfield code="c">Augsburg</subfield>
    <subfield code="f">1744-1746</subfield>
  </datafield>
  <datafield tag="984" ind1=" " ind2=" ">
    <subfield code="a">Augsburg</subfield>
    <subfield code="b">Německo</subfield>
  </datafield>
  <datafield tag="SGG" ind1=" " ind2=" ">
    <subfield code="a">019</subfield>
  </datafield>
  <datafield tag="LKR" ind1=" " ind2=" ">
    <subfield code="a">UP</subfield>
    <subfield code="b">1082675</subfield>
    <subfield code="l">MZK03</subfield>
    <subfield code="m">přívazek 22</subfield>
    <subfield code="n">záznam 1. díla</subfield>
  </datafield>
  <datafield tag="PRU" ind1=" " ind2=" ">
    <subfield code="a">VZST 101208 ER</subfield>
  </datafield>
</record>