

<record xmlns="http://www.loc.gov/MARC21/slim"
xmlns:xsi="http://www.w3.org/2001/XMLSchema-instance"
xsi:schemaLocation="http://www.loc.gov/MARC21/slim
http://www.loc.gov/standards/marcxml/schema/MARC21slim.xsd">
  <leader>     nam a22     7a 4500</leader>
  <controlfield tag="FMT">RP</controlfield>
  <controlfield tag="LDR">     nam a22     7a 4500</controlfield>
  <controlfield tag="001">001084567</controlfield>
  <controlfield tag="003">CZ BrMZK</controlfield>
  <controlfield tag="005">20101208143905.0</controlfield>
  <controlfield tag="007">ta</controlfield>
  <controlfield tag="008">101208s1744    xx     fr|||||00| ||gerod</controlfield>
  <datafield tag="040" ind1=" " ind2=" ">
    <subfield code="a">BOA001</subfield>
    <subfield code="b">cze</subfield>
  </datafield>
  <datafield tag="041" ind1="0" ind2=" ">
    <subfield code="a">ger</subfield>
    <subfield code="a">fre</subfield>
  </datafield>
  <datafield tag="072" ind1=" " ind2="7">
    <subfield code="a">094</subfield>
    <subfield code="x">Staré tisky</subfield>
    <subfield code="2">Konspekt</subfield>
    <subfield code="9">12</subfield>
  </datafield>
  <datafield tag="245" ind1="0" ind2="1">
    <subfield code="a">[Aus Pohlen :</subfield>
    <subfield code="b">Fortsetzung des Diarii von dem Reichs=Tage zu Grodno. ; Anno 1744. (Anhang zu Num. 97.) 5. December]</subfield>
  </datafield>
  <datafield tag="260" ind1=" " ind2=" ">
    <subfield code="a">[S.l. :</subfield>
    <subfield code="b">s.n.,</subfield>
    <subfield code="c">1744]</subfield>
  </datafield>
  <datafield tag="300" ind1=" " ind2=" ">
    <subfield code="a">[4] s. ;</subfield>
    <subfield code="c">4°</subfield>
  </datafield>
  <datafield tag="501" ind1=" " ind2=" ">
    <subfield code="a">Přívazek 31 k: Miscellanea iucundo-curiosa … T. I. / Hieronymus Haura</subfield>
  </datafield>
  <datafield tag="546" ind1=" " ind2=" ">
    <subfield code="a">Německý a francouzský text</subfield>
  </datafield>
  <datafield tag="648" ind1=" " ind2="7">
    <subfield code="a">1701-1750</subfield>
    <subfield code="2">czenas</subfield>
  </datafield>
  <datafield tag="655" ind1=" " ind2="7">
    <subfield code="a">staré tisky</subfield>
    <subfield code="2">czenas</subfield>
  </datafield>
  <datafield tag="910" ind1=" " ind2=" ">
    <subfield code="b">A-019,přív.31</subfield>
  </datafield>
  <datafield tag="978" ind1=" " ind2=" ">
    <subfield code="a">S.n.</subfield>
    <subfield code="c">s.l.</subfield>
    <subfield code="f">1744</subfield>
  </datafield>
  <datafield tag="SGG" ind1=" " ind2=" ">
    <subfield code="a">019</subfield>
  </datafield>
  <datafield tag="LKR" ind1=" " ind2=" ">
    <subfield code="a">UP</subfield>
    <subfield code="b">1082675</subfield>
    <subfield code="l">MZK03</subfield>
    <subfield code="m">přívazek 31</subfield>
    <subfield code="n">záznam 1. díla</subfield>
  </datafield>
  <datafield tag="PRU" ind1=" " ind2=" ">
    <subfield code="a">VZST 101208 ER</subfield>
  </datafield>
</record>