

<record xmlns="http://www.loc.gov/MARC21/slim"
xmlns:xsi="http://www.w3.org/2001/XMLSchema-instance"
xsi:schemaLocation="http://www.loc.gov/MARC21/slim
http://www.loc.gov/standards/marcxml/schema/MARC21slim.xsd">
  <leader>     nem a22     2a 4500</leader>
  <controlfield tag="FMT">MP</controlfield>
  <controlfield tag="LDR">     nem a22     2a 4500</controlfield>
  <controlfield tag="001">001084637</controlfield>
  <controlfield tag="003">CZ BrMZK</controlfield>
  <controlfield tag="005">20101210103945.0</controlfield>
  <controlfield tag="007">aj|a||||</controlfield>
  <controlfield tag="008">101210q17421748xr d||||||a|||r|1|||gerod</controlfield>
  <datafield tag="034" ind1="1" ind2=" ">
    <subfield code="a">a</subfield>
    <subfield code="b">50000</subfield>
    <subfield code="d">E0141726</subfield>
    <subfield code="e">E0143129</subfield>
    <subfield code="f">N0500807</subfield>
    <subfield code="g">N0495537</subfield>
  </datafield>
  <datafield tag="040" ind1=" " ind2=" ">
    <subfield code="a">BOA001</subfield>
    <subfield code="b">cze</subfield>
  </datafield>
  <datafield tag="041" ind1="0" ind2=" ">
    <subfield code="a">ger</subfield>
    <subfield code="a">lat</subfield>
  </datafield>
  <datafield tag="043" ind1=" " ind2=" ">
    <subfield code="a">e-xr---</subfield>
    <subfield code="a">e-xr-pg</subfield>
    <subfield code="2">czenas</subfield>
  </datafield>
  <datafield tag="072" ind1=" " ind2="7">
    <subfield code="a">912</subfield>
    <subfield code="x">Mapy. Atlasy</subfield>
    <subfield code="2">Konspekt</subfield>
    <subfield code="9">7</subfield>
  </datafield>
  <datafield tag="080" ind1=" " ind2=" ">
    <subfield code="a">025.171</subfield>
    <subfield code="2">MRF</subfield>
  </datafield>
  <datafield tag="080" ind1=" " ind2=" ">
    <subfield code="a">(437.311)</subfield>
    <subfield code="2">MRF</subfield>
  </datafield>
  <datafield tag="080" ind1=" " ind2=" ">
    <subfield code="a">355.483</subfield>
    <subfield code="2">MRF</subfield>
  </datafield>
  <datafield tag="080" ind1=" " ind2=" ">
    <subfield code="a">(084.3)</subfield>
    <subfield code="2">MRF</subfield>
  </datafield>
  <datafield tag="100" ind1="1" ind2=" ">
    <subfield code="a">Birkhard, Antonín,</subfield>
    <subfield code="d">1677-1748</subfield>
    <subfield code="7">jn20011024062</subfield>
    <subfield code="4">aut</subfield>
  </datafield>
  <datafield tag="245" ind1="1" ind2="0">
    <subfield code="a">Grund Riss derer gegenden von bey den sowohl von Ihro Kön: May: hungarn und Böheim als französischen Armee besetzen Haupt Stadt Prag, in Königreich Boeheim</subfield>
    <subfield code="h">[kartografický dokument] /</subfield>
    <subfield code="c">Birckhart sculp. et Ventit Pragae</subfield>
  </datafield>
  <datafield tag="246" ind1="3" ind2="3">
    <subfield code="a">Stragem Czechiacis ragidus Mars intulit cumis, Regius inde Leo triste gemebat opus. Sed mundi Dominus, qvi Sponsat Sceptra Coronis, Restituit Regnum, qvod pia Virgo regit. Sehr ware Böhmer Land von fremb der macht betrübet, so das der starcke Löw selbst weinte tag und nacht. allein der treue Gott, der Cron und Scepter giebet, hut durch Maria Hilff dem Lande Trost gebracht</subfield>
    <subfield code="h">[kartografický dokument]</subfield>
  </datafield>
  <datafield tag="246" ind1="3" ind2="3">
    <subfield code="a">Confinium Pragae Regni Bohemici Urbis Capitalis ab utroque Regio Scilicet et Gallico exercitu occupata</subfield>
    <subfield code="b">[kartografický dokument]</subfield>
  </datafield>
  <datafield tag="255" ind1=" " ind2=" ">
    <subfield code="a">Měřítko [ca 1:50 000]</subfield>
    <subfield code="c">[(014°17´26&quot; v.d.--014°31´29&quot; v.d./050°08´07&quot; s.š.--049°55´37&quot; s.š.)]</subfield>
  </datafield>
  <datafield tag="260" ind1=" " ind2=" ">
    <subfield code="a">Pragae :</subfield>
    <subfield code="b">Birckhart sculp. et Ventit,</subfield>
    <subfield code="c">[1742-1748]</subfield>
  </datafield>
  <datafield tag="300" ind1=" " ind2=" ">
    <subfield code="a">1 mapa :</subfield>
    <subfield code="b">mědirytina ;</subfield>
    <subfield code="c">26,5 x 42 cm na listu 30,5 x 45 cm, složeno na 31 x 19,5 cm</subfield>
  </datafield>
  <datafield tag="500" ind1=" " ind2=" ">
    <subfield code="a">Výzdoba: u levého okraje název a komentář, v levém dolním rohu pole s komentářem a vyobrazení Madony ochraňující Český znak, v pravém horním rohu konec komentáře</subfield>
  </datafield>
  <datafield tag="500" ind1=" " ind2=" ">
    <subfield code="a">Zobrazení obléhání Prahy</subfield>
  </datafield>
  <datafield tag="501" ind1=" " ind2=" ">
    <subfield code="a">Přívazek 4 k: Miscellanea iucundo-curiosa … T. I. / Hieronymus Haura</subfield>
  </datafield>
  <datafield tag="510" ind1="3" ind2=" ">
    <subfield code="a">IKAR</subfield>
  </datafield>
  <datafield tag="546" ind1=" " ind2=" ">
    <subfield code="a">Německý a latinský text</subfield>
  </datafield>
  <datafield tag="648" ind1=" " ind2="7">
    <subfield code="a">1701-1750</subfield>
    <subfield code="2">czenas</subfield>
  </datafield>
  <datafield tag="650" ind1="0" ind2="7">
    <subfield code="a">historické knihovní fondy</subfield>
    <subfield code="2">czenas</subfield>
  </datafield>
  <datafield tag="650" ind1=" " ind2="7">
    <subfield code="a">bojiště</subfield>
    <subfield code="2">czenas</subfield>
  </datafield>
  <datafield tag="651" ind1=" " ind2="7">
    <subfield code="a">Praha (Česko)</subfield>
    <subfield code="2">czenas</subfield>
  </datafield>
  <datafield tag="655" ind1=" " ind2="7">
    <subfield code="a">historické mapy</subfield>
    <subfield code="2">czenas</subfield>
  </datafield>
  <datafield tag="910" ind1=" " ind2=" ">
    <subfield code="b">A-019,přív.5</subfield>
  </datafield>
  <datafield tag="978" ind1=" " ind2=" ">
    <subfield code="a">Birkhard</subfield>
    <subfield code="b">Antonín</subfield>
    <subfield code="c">Praha</subfield>
    <subfield code="f">1742-1748</subfield>
  </datafield>
  <datafield tag="984" ind1=" " ind2=" ">
    <subfield code="a">Praha</subfield>
    <subfield code="b">Česko</subfield>
  </datafield>
  <datafield tag="SGG" ind1=" " ind2=" ">
    <subfield code="a">019</subfield>
  </datafield>
  <datafield tag="LKR" ind1=" " ind2=" ">
    <subfield code="a">UP</subfield>
    <subfield code="b">1082675</subfield>
    <subfield code="l">MZK03</subfield>
    <subfield code="m">přívazek 5</subfield>
    <subfield code="n">záznam 1. díla</subfield>
  </datafield>
  <datafield tag="PRU" ind1=" " ind2=" ">
    <subfield code="a">VZMP 101210 LH</subfield>
  </datafield>
</record>