

<record xmlns="http://www.loc.gov/MARC21/slim"
xmlns:xsi="http://www.w3.org/2001/XMLSchema-instance"
xsi:schemaLocation="http://www.loc.gov/MARC21/slim
http://www.loc.gov/standards/marcxml/schema/MARC21slim.xsd">
  <leader>     nem a22     2a 4500</leader>
  <controlfield tag="FMT">MP</controlfield>
  <controlfield tag="LDR">     nem a22     2a 4500</controlfield>
  <controlfield tag="001">001084640</controlfield>
  <controlfield tag="003">CZ BrMZK</controlfield>
  <controlfield tag="005">20101210110602.0</controlfield>
  <controlfield tag="007">aj|a||||</controlfield>
  <controlfield tag="008">101210s1742    au d||||||a|||r|0|||gerod</controlfield>
  <datafield tag="034" ind1="0" ind2=" ">
    <subfield code="a">a</subfield>
    <subfield code="d">E0141604</subfield>
    <subfield code="e">E0143129</subfield>
    <subfield code="f">N0500946</subfield>
    <subfield code="g">N0495743</subfield>
  </datafield>
  <datafield tag="040" ind1=" " ind2=" ">
    <subfield code="a">BOA001</subfield>
    <subfield code="b">cze</subfield>
  </datafield>
  <datafield tag="043" ind1=" " ind2=" ">
    <subfield code="a">e-xr---</subfield>
    <subfield code="a">e-xr-pg</subfield>
    <subfield code="2">czenas</subfield>
  </datafield>
  <datafield tag="072" ind1=" " ind2="7">
    <subfield code="a">912</subfield>
    <subfield code="x">Mapy. Atlasy</subfield>
    <subfield code="2">Konspekt</subfield>
    <subfield code="9">7</subfield>
  </datafield>
  <datafield tag="080" ind1=" " ind2=" ">
    <subfield code="a">025.171</subfield>
    <subfield code="2">MRF</subfield>
  </datafield>
  <datafield tag="080" ind1=" " ind2=" ">
    <subfield code="a">(437.311)</subfield>
    <subfield code="2">MRF</subfield>
  </datafield>
  <datafield tag="080" ind1=" " ind2=" ">
    <subfield code="a">(084.3)</subfield>
    <subfield code="2">MRF</subfield>
  </datafield>
  <datafield tag="080" ind1=" " ind2=" ">
    <subfield code="a">(084.1)</subfield>
    <subfield code="2">MRF</subfield>
  </datafield>
  <datafield tag="080" ind1=" " ind2=" ">
    <subfield code="a">355.483</subfield>
    <subfield code="2">MRF</subfield>
  </datafield>
  <datafield tag="100" ind1="1" ind2=" ">
    <subfield code="a">Riegel, Christoph</subfield>
    <subfield code="4">aut</subfield>
  </datafield>
  <datafield tag="245" ind1="1" ind2="0">
    <subfield code="a">Grundriß der König. Bohmischen Haupt Stadt Prag mit der Königl. Ungarschen Belagerung und Attaquen A. 1742</subfield>
    <subfield code="h">[kartografický dokument] /</subfield>
    <subfield code="c">Nürnberg, zu finden bey Christoph Riegel Buchhändler wohnhafft unter der Vesten</subfield>
  </datafield>
  <datafield tag="255" ind1=" " ind2=" ">
    <subfield code="a">Měřítko neuvedeno</subfield>
    <subfield code="c">[(014°16´04&quot; v.d.--014°31´29&quot; v.d./050°09´46&quot; s.š.--049°57´43&quot; s.š.)]</subfield>
  </datafield>
  <datafield tag="260" ind1=" " ind2=" ">
    <subfield code="a">Nürnberg :</subfield>
    <subfield code="b">zu finden bey Christoph Riegel Buchhändler wohnhafft unter der Vesten,</subfield>
    <subfield code="c">[1742?]</subfield>
  </datafield>
  <datafield tag="300" ind1=" " ind2=" ">
    <subfield code="a">1 mapa :</subfield>
    <subfield code="b">mědirytina ;</subfield>
    <subfield code="c">38,5 x 48 cm 61 x 50 cm, složeno na 31,5 x 17 cm</subfield>
  </datafield>
  <datafield tag="500" ind1=" " ind2=" ">
    <subfield code="a">Výzdoba: uprostřed horního okraje nápisová páska, v levém dolním rohu legenda, uprostřed pole severka, pod mapou obléhání veduta</subfield>
  </datafield>
  <datafield tag="500" ind1=" " ind2=" ">
    <subfield code="a">Zobrazení obléhání Prahy</subfield>
  </datafield>
  <datafield tag="501" ind1=" " ind2=" ">
    <subfield code="a">Přívazek 8 k: Miscellanea iucundo-curiosa … T. I. / Hieronymus Haura</subfield>
  </datafield>
  <datafield tag="505" ind1="0" ind2="0">
    <subfield code="t">Prospect der Stadt Prag. --</subfield>
    <subfield code="g">19 x 48 cm</subfield>
  </datafield>
  <datafield tag="590" ind1=" " ind2=" ">
    <subfield code="a">Uprostřed skladu je mapa potrhaná</subfield>
  </datafield>
  <datafield tag="648" ind1=" " ind2="7">
    <subfield code="a">1701-1750</subfield>
    <subfield code="2">czenas</subfield>
  </datafield>
  <datafield tag="650" ind1="0" ind2="7">
    <subfield code="a">historické knihovní fondy</subfield>
    <subfield code="2">czenas</subfield>
  </datafield>
  <datafield tag="650" ind1=" " ind2="7">
    <subfield code="a">bojiště</subfield>
    <subfield code="2">czenas</subfield>
  </datafield>
  <datafield tag="651" ind1=" " ind2="7">
    <subfield code="a">Praha (Česko)</subfield>
    <subfield code="2">czenas</subfield>
  </datafield>
  <datafield tag="655" ind1=" " ind2="7">
    <subfield code="a">historické mapy</subfield>
    <subfield code="2">czenas</subfield>
  </datafield>
  <datafield tag="655" ind1=" " ind2="7">
    <subfield code="a">veduty</subfield>
    <subfield code="2">czenas</subfield>
  </datafield>
  <datafield tag="856" ind1="4" ind2="2">
    <subfield code="u">http://www.www.bibliotekacyfrowa.pl/dlibra/docmetadata?id=29225&amp;from=pubindex&amp;dirids=1&amp;lp=1030</subfield>
    <subfield code="z">Digitalizovaný exemplář vratislavské knihovny</subfield>
  </datafield>
  <datafield tag="910" ind1=" " ind2=" ">
    <subfield code="b">A-019,přív.8</subfield>
  </datafield>
  <datafield tag="978" ind1=" " ind2=" ">
    <subfield code="a">Riegel</subfield>
    <subfield code="b">Christoph</subfield>
    <subfield code="c">Nürnberg</subfield>
    <subfield code="f">1742</subfield>
  </datafield>
  <datafield tag="984" ind1=" " ind2=" ">
    <subfield code="a">Norimberk</subfield>
    <subfield code="b">Německo</subfield>
  </datafield>
  <datafield tag="SGG" ind1=" " ind2=" ">
    <subfield code="a">019</subfield>
  </datafield>
  <datafield tag="LKR" ind1=" " ind2=" ">
    <subfield code="a">UP</subfield>
    <subfield code="b">1082675</subfield>
    <subfield code="l">MZK03</subfield>
    <subfield code="m">přívazek 8</subfield>
    <subfield code="n">záznam 1. díla</subfield>
  </datafield>
  <datafield tag="PRU" ind1=" " ind2=" ">
    <subfield code="a">VZMP 101210 LH</subfield>
  </datafield>
</record>