

<record xmlns="http://www.loc.gov/MARC21/slim"
xmlns:xsi="http://www.w3.org/2001/XMLSchema-instance"
xsi:schemaLocation="http://www.loc.gov/MARC21/slim
http://www.loc.gov/standards/marcxml/schema/MARC21slim.xsd">
  <leader>     nas a22     7a 4500</leader>
  <controlfield tag="FMT">SE</controlfield>
  <controlfield tag="LDR">     nas a22     7a 4500</controlfield>
  <controlfield tag="001">001084643</controlfield>
  <controlfield tag="003">CZ BrMZK</controlfield>
  <controlfield tag="005">20101210112914.0</controlfield>
  <controlfield tag="007">ta</controlfield>
  <controlfield tag="008">101210d17001789gw uu        |||||||ger d</controlfield>
  <datafield tag="040" ind1=" " ind2=" ">
    <subfield code="a">BOA001</subfield>
    <subfield code="b">cze</subfield>
  </datafield>
  <datafield tag="072" ind1=" " ind2="7">
    <subfield code="a">094</subfield>
    <subfield code="x">Staré tisky</subfield>
    <subfield code="2">Konspekt</subfield>
  </datafield>
  <datafield tag="080" ind1=" " ind2=" ">
    <subfield code="a">025.171</subfield>
    <subfield code="2">MRF</subfield>
  </datafield>
  <datafield tag="245" ind1="0" ind2="0">
    <subfield code="a">Reichs Post=Reuter</subfield>
  </datafield>
  <datafield tag="260" ind1=" " ind2=" ">
    <subfield code="a">Altona :</subfield>
    <subfield code="b">[s.n.],</subfield>
    <subfield code="c">1700-1789</subfield>
  </datafield>
  <datafield tag="300" ind1=" " ind2=" ">
    <subfield code="a">1 sv.</subfield>
  </datafield>
  <datafield tag="310" ind1=" " ind2=" ">
    <subfield code="a">Neznámo</subfield>
  </datafield>
  <datafield tag="501" ind1=" " ind2=" ">
    <subfield code="a">Přívazek 17 k: Miscellanea iucundo-curiosa … T. I. / Hieronymus Haura</subfield>
  </datafield>
  <datafield tag="648" ind1=" " ind2="7">
    <subfield code="a">1651-1700</subfield>
    <subfield code="2">czenas</subfield>
  </datafield>
  <datafield tag="648" ind1=" " ind2="7">
    <subfield code="a">1701-1750</subfield>
    <subfield code="2">czenas</subfield>
  </datafield>
  <datafield tag="648" ind1=" " ind2="7">
    <subfield code="a">1751-1800</subfield>
    <subfield code="2">czenas</subfield>
  </datafield>
  <datafield tag="650" ind1="0" ind2="7">
    <subfield code="a">historické knihovní fondy</subfield>
    <subfield code="2">czenas</subfield>
  </datafield>
  <datafield tag="655" ind1=" " ind2="7">
    <subfield code="a">staré tisky</subfield>
    <subfield code="2">czenas</subfield>
  </datafield>
  <datafield tag="740" ind1="0" ind2="2">
    <subfield code="a">Relations-Courier</subfield>
  </datafield>
  <datafield tag="910" ind1=" " ind2=" ">
    <subfield code="b">A-019,přív.17</subfield>
    <subfield code="r">1743</subfield>
    <subfield code="s">112</subfield>
  </datafield>
  <datafield tag="978" ind1=" " ind2=" ">
    <subfield code="a">S.n.</subfield>
    <subfield code="c">Altona</subfield>
    <subfield code="f">1700-1789</subfield>
  </datafield>
  <datafield tag="984" ind1=" " ind2=" ">
    <subfield code="a">Hamburg</subfield>
    <subfield code="b">Německo</subfield>
  </datafield>
  <datafield tag="LKR" ind1=" " ind2=" ">
    <subfield code="a">UP</subfield>
    <subfield code="b">1082675</subfield>
    <subfield code="l">MZK03</subfield>
    <subfield code="m">přívazek 17</subfield>
    <subfield code="n">záznam 1. díla</subfield>
  </datafield>
  <datafield tag="PRU" ind1=" " ind2=" ">
    <subfield code="a">VZST 101210 LH</subfield>
  </datafield>
</record>