

<record xmlns="http://www.loc.gov/MARC21/slim"
xmlns:xsi="http://www.w3.org/2001/XMLSchema-instance"
xsi:schemaLocation="http://www.loc.gov/MARC21/slim
http://www.loc.gov/standards/marcxml/schema/MARC21slim.xsd">
  <leader>     nem a22     2a 4500</leader>
  <controlfield tag="FMT">MP</controlfield>
  <controlfield tag="LDR">     nem a22     2a 4500</controlfield>
  <controlfield tag="001">001084648</controlfield>
  <controlfield tag="003">CZ BrMZK</controlfield>
  <controlfield tag="005">20101210134457.0</controlfield>
  <controlfield tag="007">aj|ca|||</controlfield>
  <controlfield tag="008">101210s1745    gw |||||||g|||r|0|||gerod</controlfield>
  <datafield tag="034" ind1="1" ind2=" ">
    <subfield code="a">a</subfield>
    <subfield code="d">E0085458</subfield>
    <subfield code="e">E0091402</subfield>
    <subfield code="f">N0500345</subfield>
    <subfield code="g">N0495635</subfield>
  </datafield>
  <datafield tag="040" ind1=" " ind2=" ">
    <subfield code="a">BOA001</subfield>
    <subfield code="b">cze</subfield>
  </datafield>
  <datafield tag="041" ind1="0" ind2=" ">
    <subfield code="a">ger</subfield>
    <subfield code="a">eng</subfield>
  </datafield>
  <datafield tag="043" ind1=" " ind2=" ">
    <subfield code="a">e-gx---</subfield>
    <subfield code="2">czenas</subfield>
  </datafield>
  <datafield tag="072" ind1=" " ind2="7">
    <subfield code="a">912</subfield>
    <subfield code="x">Mapy. Atlasy</subfield>
    <subfield code="2">Konspekt</subfield>
    <subfield code="9">7</subfield>
  </datafield>
  <datafield tag="080" ind1=" " ind2=" ">
    <subfield code="a">025.171</subfield>
    <subfield code="2">MRF</subfield>
  </datafield>
  <datafield tag="080" ind1=" " ind2=" ">
    <subfield code="a">(430.129)</subfield>
    <subfield code="2">MRF</subfield>
  </datafield>
  <datafield tag="080" ind1=" " ind2=" ">
    <subfield code="a">(084.3)</subfield>
    <subfield code="2">MRF</subfield>
  </datafield>
  <datafield tag="080" ind1=" " ind2=" ">
    <subfield code="a">355.483</subfield>
    <subfield code="2">MRF</subfield>
  </datafield>
  <datafield tag="100" ind1="1" ind2=" ">
    <subfield code="a">Miller, John,</subfield>
    <subfield code="d">1715-ca 1790</subfield>
    <subfield code="7">mzk2010580951</subfield>
    <subfield code="4">aut</subfield>
  </datafield>
  <datafield tag="245" ind1="1" ind2="0">
    <subfield code="a">Plan des den 27 Jan. 1745 bey Dettingen furgefaltenen Traffens zwischen der Konigl. Alliirten u. Koniglichen Französischen Armee am Mayn Strom von Abend gegen Morgen abgezeichnet.</subfield>
    <subfield code="h">[kartografický dokument] =</subfield>
    <subfield code="b">The Ground of the Battel happend Iun 21. 1. 1743 at Dettingen between the Royal Confederated and the French Armyes near to the Mayn Marcirt fron West Agt. East /</subfield>
    <subfield code="c">Exc. Christoph: Weigely Vidua. ; Joh. Sebast. Müller sculp: Nürnberg</subfield>
  </datafield>
  <datafield tag="246" ind1="3" ind2="1">
    <subfield code="a">Ground of the Battel happend Iun 21. 1. 1743 at Dettingen between the Royal Confederated and the French Armyes near to the Mayn Marcirt fron West Agt. East</subfield>
    <subfield code="h">[kartografický dokument]</subfield>
  </datafield>
  <datafield tag="255" ind1=" " ind2=" ">
    <subfield code="a">Měřítko 10,2 cm = eine Teutsche Meil one German Mile</subfield>
    <subfield code="c">[(008°54´58&quot; v.d.--009°14´02&quot; v.d./050°03´45&quot; s.š.--049°56´35&quot; s.š.)]</subfield>
  </datafield>
  <datafield tag="260" ind1=" " ind2=" ">
    <subfield code="a">Nürnberg :</subfield>
    <subfield code="b">Exc. Christoph: Weigely Vidua.,</subfield>
    <subfield code="c">[1745?]</subfield>
  </datafield>
  <datafield tag="300" ind1=" " ind2=" ">
    <subfield code="a">1 mapa :</subfield>
    <subfield code="b">ručně kolorovaná mědirytina ;</subfield>
    <subfield code="c">32 x 37,5 cm na listu 35 x 40,5 cm, složeno na 29,5 x 18 cm</subfield>
  </datafield>
  <datafield tag="500" ind1=" " ind2=" ">
    <subfield code="a">Výzdoba: uprostřed horního okraje ozdobná nápisová kartuše, u levého okraje komentář a měřítko, uprostřed dolního okraje páska se znázorněním postavení vojsk u mostu přes řeku, u dolního okraje bitevní scéna</subfield>
  </datafield>
  <datafield tag="501" ind1=" " ind2=" ">
    <subfield code="a">Přívazek 15 k: Miscellanea iucundo-curiosa … T. I. / Hieronymus Haura</subfield>
  </datafield>
  <datafield tag="505" ind1="0" ind2="0">
    <subfield code="t">Eine alt Vervallene Schwedische itzo von denen Hannov. widerum neu auf geworffene Brückenschantz. An old destroyd Fort once ereted by the Sweediens now renoved by the Hanoverian. --</subfield>
    <subfield code="g">9,7 x 13 cm</subfield>
  </datafield>
  <datafield tag="546" ind1=" " ind2=" ">
    <subfield code="a">Souběžný německý a anglický text</subfield>
  </datafield>
  <datafield tag="590" ind1=" " ind2=" ">
    <subfield code="a">Natržené ve skladu</subfield>
  </datafield>
  <datafield tag="648" ind1=" " ind2="7">
    <subfield code="a">1701-1750</subfield>
    <subfield code="2">czenas</subfield>
  </datafield>
  <datafield tag="650" ind1="0" ind2="7">
    <subfield code="a">historické knihovní fondy</subfield>
    <subfield code="2">czenas</subfield>
  </datafield>
  <datafield tag="650" ind1=" " ind2="7">
    <subfield code="a">bojiště</subfield>
    <subfield code="2">czenas</subfield>
  </datafield>
  <datafield tag="651" ind1=" " ind2="7">
    <subfield code="a">Aschaffenburg (Německo)</subfield>
    <subfield code="2">czenas</subfield>
  </datafield>
  <datafield tag="651" ind1=" " ind2="7">
    <subfield code="a">Dolní Franky (Německo)</subfield>
    <subfield code="2">czenas</subfield>
  </datafield>
  <datafield tag="655" ind1=" " ind2="7">
    <subfield code="a">historické mapy</subfield>
    <subfield code="2">czenas</subfield>
  </datafield>
  <datafield tag="740" ind1="5" ind2="2">
    <subfield code="a">Eine alt Vervallene Schwedische itzo von denen Hannov. widerum neu auf geworffene Brückenschantz.</subfield>
  </datafield>
  <datafield tag="740" ind1="3" ind2="2">
    <subfield code="a">An old destroyd Fort once ereted by the Sweediens now renoved by the Hanoverian</subfield>
  </datafield>
  <datafield tag="740" ind1="0" ind2="2">
    <subfield code="a">Aliirter seids gemanchte verkahrungn um im fall einer Frantzösischen Attaque die Aschaffenburger Brücke zubehaubten</subfield>
  </datafield>
  <datafield tag="740" ind1="0" ind2="2">
    <subfield code="a">Praeparings made by the Confederates to maintain the Bridge by Case of been attackit by the French</subfield>
  </datafield>
  <datafield tag="910" ind1=" " ind2=" ">
    <subfield code="b">A-019,přív.15</subfield>
  </datafield>
  <datafield tag="978" ind1=" " ind2=" ">
    <subfield code="a">Weigel</subfield>
    <subfield code="b">Christoph I. - vdova</subfield>
    <subfield code="c">Nürnberg</subfield>
    <subfield code="f">1739</subfield>
  </datafield>
  <datafield tag="984" ind1=" " ind2=" ">
    <subfield code="a">Norimberk</subfield>
    <subfield code="b">Německo</subfield>
  </datafield>
  <datafield tag="SGG" ind1=" " ind2=" ">
    <subfield code="a">019</subfield>
  </datafield>
  <datafield tag="LKR" ind1=" " ind2=" ">
    <subfield code="a">UP</subfield>
    <subfield code="b">1082675</subfield>
    <subfield code="l">MZK03</subfield>
    <subfield code="m">přívazek 15</subfield>
    <subfield code="n">záznam 1. díla</subfield>
  </datafield>
  <datafield tag="PRU" ind1=" " ind2=" ">
    <subfield code="a">VZMP 101210 LH</subfield>
  </datafield>
</record>