

<record xmlns="http://www.loc.gov/MARC21/slim"
xmlns:xsi="http://www.w3.org/2001/XMLSchema-instance"
xsi:schemaLocation="http://www.loc.gov/MARC21/slim
http://www.loc.gov/standards/marcxml/schema/MARC21slim.xsd">
  <leader>     nem a22     2a 4500</leader>
  <controlfield tag="FMT">MP</controlfield>
  <controlfield tag="LDR">     nem a22     2a 4500</controlfield>
  <controlfield tag="001">001084649</controlfield>
  <controlfield tag="003">CZ BrMZK</controlfield>
  <controlfield tag="005">20101210141022.0</controlfield>
  <controlfield tag="007">ay|a||||</controlfield>
  <controlfield tag="008">101210q17431745gw i||||||g|||r|0|||gerod</controlfield>
  <datafield tag="034" ind1="0" ind2=" ">
    <subfield code="a">a</subfield>
    <subfield code="d">E0085458</subfield>
    <subfield code="e">E0091402</subfield>
    <subfield code="f">N0500345</subfield>
    <subfield code="g">N0495533</subfield>
  </datafield>
  <datafield tag="040" ind1=" " ind2=" ">
    <subfield code="a">BOA001</subfield>
    <subfield code="b">cze</subfield>
  </datafield>
  <datafield tag="043" ind1=" " ind2=" ">
    <subfield code="a">e-gx---</subfield>
    <subfield code="2">czenas</subfield>
  </datafield>
  <datafield tag="072" ind1=" " ind2="7">
    <subfield code="a">912</subfield>
    <subfield code="x">Mapy. Atlasy</subfield>
    <subfield code="2">Konspekt</subfield>
    <subfield code="9">7</subfield>
  </datafield>
  <datafield tag="080" ind1=" " ind2=" ">
    <subfield code="a">025.171</subfield>
    <subfield code="2">MRF</subfield>
  </datafield>
  <datafield tag="080" ind1=" " ind2=" ">
    <subfield code="a">(430.129)</subfield>
    <subfield code="2">MRF</subfield>
  </datafield>
  <datafield tag="080" ind1=" " ind2=" ">
    <subfield code="a">(084.3)</subfield>
    <subfield code="2">MRF</subfield>
  </datafield>
  <datafield tag="080" ind1=" " ind2=" ">
    <subfield code="a">355.483</subfield>
    <subfield code="2">MRF</subfield>
  </datafield>
  <datafield tag="100" ind1="1" ind2=" ">
    <subfield code="a">Riegel, Christoph</subfield>
    <subfield code="4">aut</subfield>
  </datafield>
  <datafield tag="245" ind1="1" ind2="0">
    <subfield code="a">Eigentliche Abbildung der Bludigen doch Siegreichen Feldschlacht bey Dettingen am Maijn.</subfield>
    <subfield code="h">[kartografický dokument] :</subfield>
    <subfield code="b">welche den 27. Iuni 1743, zwischen denen Hohen Alirten, unter Comando Ihro Königl. Mayst. von Gros-Britanien, und der Frantzöischen Armee vorgegangen. /</subfield>
    <subfield code="c">Nürnberg Verlegt von Christoph Riegel, Buch u. Kunsthändler</subfield>
  </datafield>
  <datafield tag="255" ind1=" " ind2=" ">
    <subfield code="a">Měřítko neuvedeno</subfield>
    <subfield code="c">[(008°54´58&quot; v.d.--009°14´02&quot; v.d./050°03´45&quot; s.š.--049°55´33&quot; s.š.)]</subfield>
  </datafield>
  <datafield tag="260" ind1=" " ind2=" ">
    <subfield code="a">Nürnberg :</subfield>
    <subfield code="b">Verlegt von Christoph Riegel, Buch u. Kunsthändler,</subfield>
    <subfield code="c">[1743-1745]</subfield>
  </datafield>
  <datafield tag="300" ind1=" " ind2=" ">
    <subfield code="a">1 mapa :</subfield>
    <subfield code="b">mědirytina ;</subfield>
    <subfield code="c">29 x 37,5 cm na listu 35 x 40,5 cm, složeno na 29 x 19 cm</subfield>
  </datafield>
  <datafield tag="500" ind1=" " ind2=" ">
    <subfield code="a">Výzdoba: u levého horního okraje komentář, uprostřed horního okraje ozdobná nápisová kartuše, v pravém horním rohu plán bojiště</subfield>
  </datafield>
  <datafield tag="500" ind1=" " ind2=" ">
    <subfield code="a">Pohled na probíhající bitvu</subfield>
  </datafield>
  <datafield tag="500" ind1=" " ind2=" ">
    <subfield code="a">Pohledový plán</subfield>
  </datafield>
  <datafield tag="501" ind1=" " ind2=" ">
    <subfield code="a">Přívazek 16 k: Miscellanea iucundo-curiosa … T. I. / Hieronymus Haura</subfield>
  </datafield>
  <datafield tag="505" ind1="0" ind2="0">
    <subfield code="t">Plan des Treffens bey Dettingen den 27 Iuni 1743. --</subfield>
    <subfield code="g">5,5 x 15</subfield>
  </datafield>
  <datafield tag="648" ind1=" " ind2="7">
    <subfield code="a">1701-1750</subfield>
    <subfield code="2">czenas</subfield>
  </datafield>
  <datafield tag="650" ind1="0" ind2="7">
    <subfield code="a">historické knihovní fondy</subfield>
    <subfield code="2">czenas</subfield>
  </datafield>
  <datafield tag="650" ind1=" " ind2="7">
    <subfield code="a">bojiště</subfield>
    <subfield code="2">czenas</subfield>
  </datafield>
  <datafield tag="651" ind1=" " ind2="7">
    <subfield code="a">Aschaffenburg (Německo)</subfield>
    <subfield code="2">czenas</subfield>
  </datafield>
  <datafield tag="651" ind1=" " ind2="7">
    <subfield code="a">Dolní Franky (Německo)</subfield>
    <subfield code="2">czenas</subfield>
  </datafield>
  <datafield tag="655" ind1=" " ind2="7">
    <subfield code="a">historické mapy</subfield>
    <subfield code="2">czenas</subfield>
  </datafield>
  <datafield tag="740" ind1="0" ind2="2">
    <subfield code="a">Plan des Treffens bey Dettingen den 27 Iuni 1743</subfield>
  </datafield>
  <datafield tag="910" ind1=" " ind2=" ">
    <subfield code="b">A-019,přív.16</subfield>
  </datafield>
  <datafield tag="978" ind1=" " ind2=" ">
    <subfield code="a">Riegel</subfield>
    <subfield code="b">Christoph</subfield>
    <subfield code="c">Frankfurt a.M.</subfield>
    <subfield code="f">1743-1745</subfield>
  </datafield>
  <datafield tag="984" ind1=" " ind2=" ">
    <subfield code="a">Norimberk</subfield>
    <subfield code="b">Německo</subfield>
  </datafield>
  <datafield tag="SGG" ind1=" " ind2=" ">
    <subfield code="a">019</subfield>
  </datafield>
  <datafield tag="LKR" ind1=" " ind2=" ">
    <subfield code="a">UP</subfield>
    <subfield code="b">1082675</subfield>
    <subfield code="l">MZK03</subfield>
    <subfield code="m">přívazek 16</subfield>
    <subfield code="n">záznam 1. díla</subfield>
  </datafield>
  <datafield tag="PRU" ind1=" " ind2=" ">
    <subfield code="a">VZMP 101210 LH</subfield>
  </datafield>
</record>