

<record xmlns="http://www.loc.gov/MARC21/slim"
xmlns:xsi="http://www.w3.org/2001/XMLSchema-instance"
xsi:schemaLocation="http://www.loc.gov/MARC21/slim
http://www.loc.gov/standards/marcxml/schema/MARC21slim.xsd">
  <leader>     nem a22     2a 4500</leader>
  <controlfield tag="FMT">MP</controlfield>
  <controlfield tag="LDR">     nem a22     2a 4500</controlfield>
  <controlfield tag="001">001084651</controlfield>
  <controlfield tag="003">CZ BrMZK</controlfield>
  <controlfield tag="005">20101210145038.0</controlfield>
  <controlfield tag="007">aj|aa|||</controlfield>
  <controlfield tag="008">101210s1742    gw |||||||g|||r|1|||gerod</controlfield>
  <datafield tag="034" ind1="0" ind2=" ">
    <subfield code="a">a</subfield>
    <subfield code="d">E0122012</subfield>
    <subfield code="e">E0122429</subfield>
    <subfield code="f">N0500551</subfield>
    <subfield code="g">N0500334</subfield>
  </datafield>
  <datafield tag="040" ind1=" " ind2=" ">
    <subfield code="a">BOA001</subfield>
    <subfield code="b">cze</subfield>
  </datafield>
  <datafield tag="043" ind1=" " ind2=" ">
    <subfield code="a">e-xr---</subfield>
    <subfield code="b">e-xr-ka</subfield>
    <subfield code="2">czenas</subfield>
  </datafield>
  <datafield tag="072" ind1=" " ind2="7">
    <subfield code="a">912</subfield>
    <subfield code="x">Mapy. Atlasy</subfield>
    <subfield code="2">Konspekt</subfield>
    <subfield code="9">7</subfield>
  </datafield>
  <datafield tag="080" ind1=" " ind2=" ">
    <subfield code="a">025.171</subfield>
    <subfield code="2">MRF</subfield>
  </datafield>
  <datafield tag="080" ind1=" " ind2=" ">
    <subfield code="a">(437.318)</subfield>
    <subfield code="2">MRF</subfield>
  </datafield>
  <datafield tag="080" ind1=" " ind2=" ">
    <subfield code="a">(084.3)</subfield>
    <subfield code="2">MRF</subfield>
  </datafield>
  <datafield tag="080" ind1=" " ind2=" ">
    <subfield code="a">355.483</subfield>
    <subfield code="2">MRF</subfield>
  </datafield>
  <datafield tag="100" ind1="1" ind2=" ">
    <subfield code="a">Baeck, Elias,</subfield>
    <subfield code="d">1679-1747</subfield>
    <subfield code="7">js20020115017</subfield>
    <subfield code="4">aut</subfield>
  </datafield>
  <datafield tag="245" ind1="1" ind2="0">
    <subfield code="a">Accurater Plan von der Belagerung der gesten Stadt Eger, wo selbe von den Kays. hohen Alliirten angegriffe, beschossen, bombardirt u. p. Accord erobert worden</subfield>
    <subfield code="h">[kartografický dokument] /</subfield>
    <subfield code="c">Cum Privil. Sac. Rom. Imp. Vicariatus et C.P.P.S.V. ; Elias Bäck a H. sculps. et exc. A.V.</subfield>
  </datafield>
  <datafield tag="255" ind1=" " ind2=" ">
    <subfield code="a">Měřítko neuvedeno</subfield>
    <subfield code="c">[(012°20´12&quot; v.d.--012°24´29&quot; v.d./050°05´51&quot; s.š.--050°03´34&quot; s.š.)]</subfield>
  </datafield>
  <datafield tag="260" ind1=" " ind2=" ">
    <subfield code="a">A.V. :</subfield>
    <subfield code="b">Elias Bäck a H. sculps. et exc.,</subfield>
    <subfield code="c">[1742?]</subfield>
  </datafield>
  <datafield tag="300" ind1=" " ind2=" ">
    <subfield code="a">1 mapa :</subfield>
    <subfield code="b">mědirytina ;</subfield>
    <subfield code="c">11,5 x 19 cm na listu 21 x 33,5 cm, složeno na 21 x 18,5 cm</subfield>
  </datafield>
  <datafield tag="500" ind1=" " ind2=" ">
    <subfield code="a">Výzdoba: v pravém horním rohu pole s komentářem, pod obrazem popis obléhání</subfield>
  </datafield>
  <datafield tag="501" ind1=" " ind2=" ">
    <subfield code="a">Přívazek 18 k: Miscellanea iucundo-curiosa … T. I. / Hieronymus Haura</subfield>
  </datafield>
  <datafield tag="648" ind1=" " ind2="7">
    <subfield code="a">1701-1750</subfield>
    <subfield code="2">czenas</subfield>
  </datafield>
  <datafield tag="650" ind1="0" ind2="7">
    <subfield code="a">historické knihovní fondy</subfield>
    <subfield code="2">czenas</subfield>
  </datafield>
  <datafield tag="650" ind1=" " ind2="7">
    <subfield code="a">bojiště</subfield>
    <subfield code="2">czenas</subfield>
  </datafield>
  <datafield tag="651" ind1=" " ind2="7">
    <subfield code="a">Cheb (Česko)</subfield>
    <subfield code="2">czenas</subfield>
  </datafield>
  <datafield tag="655" ind1=" " ind2="7">
    <subfield code="a">historické mapy</subfield>
    <subfield code="2">czenas</subfield>
  </datafield>
  <datafield tag="910" ind1=" " ind2=" ">
    <subfield code="b">A-019,přív.18</subfield>
  </datafield>
  <datafield tag="978" ind1=" " ind2=" ">
    <subfield code="a">Bäck</subfield>
    <subfield code="b">Elias</subfield>
    <subfield code="c">Augsburg</subfield>
    <subfield code="f">1742</subfield>
  </datafield>
  <datafield tag="984" ind1=" " ind2=" ">
    <subfield code="a">Augsburg</subfield>
    <subfield code="b">Německo</subfield>
  </datafield>
  <datafield tag="SGG" ind1=" " ind2=" ">
    <subfield code="a">019</subfield>
  </datafield>
  <datafield tag="LKR" ind1=" " ind2=" ">
    <subfield code="a">UP</subfield>
    <subfield code="b">1082675</subfield>
    <subfield code="l">MZK03</subfield>
    <subfield code="m">přívazek 18</subfield>
    <subfield code="n">záznam 1. díla</subfield>
  </datafield>
  <datafield tag="PRU" ind1=" " ind2=" ">
    <subfield code="a">VZMP 101210 LH</subfield>
  </datafield>
</record>