

<record xmlns="http://www.loc.gov/MARC21/slim"
xmlns:xsi="http://www.w3.org/2001/XMLSchema-instance"
xsi:schemaLocation="http://www.loc.gov/MARC21/slim
http://www.loc.gov/standards/marcxml/schema/MARC21slim.xsd">
  <leader>     nem a22     2a 4500</leader>
  <controlfield tag="FMT">MP</controlfield>
  <controlfield tag="LDR">     nem a22     2a 4500</controlfield>
  <controlfield tag="001">001084652</controlfield>
  <controlfield tag="003">CZ BrMZK</controlfield>
  <controlfield tag="005">20101210152733.0</controlfield>
  <controlfield tag="007">aj|aa|||</controlfield>
  <controlfield tag="008">101210q17421743gw |||||||g|||r|0|||gerod</controlfield>
  <datafield tag="034" ind1="0" ind2=" ">
    <subfield code="a">a</subfield>
    <subfield code="d">E0122043</subfield>
    <subfield code="e">E0122406</subfield>
    <subfield code="f">N0500534</subfield>
    <subfield code="g">N0500319</subfield>
  </datafield>
  <datafield tag="040" ind1=" " ind2=" ">
    <subfield code="a">BOA001</subfield>
    <subfield code="b">cze</subfield>
  </datafield>
  <datafield tag="043" ind1=" " ind2=" ">
    <subfield code="a">e-xr---</subfield>
    <subfield code="b">e-xr-cc</subfield>
    <subfield code="b">e-xr-ka</subfield>
    <subfield code="2">czenas</subfield>
  </datafield>
  <datafield tag="072" ind1=" " ind2="7">
    <subfield code="a">912</subfield>
    <subfield code="x">Mapy. Atlasy</subfield>
    <subfield code="2">Konspekt</subfield>
    <subfield code="9">7</subfield>
  </datafield>
  <datafield tag="080" ind1=" " ind2=" ">
    <subfield code="a">025.171</subfield>
    <subfield code="2">MRF</subfield>
  </datafield>
  <datafield tag="080" ind1=" " ind2=" ">
    <subfield code="a">(437.318)</subfield>
    <subfield code="2">MRF</subfield>
  </datafield>
  <datafield tag="080" ind1=" " ind2=" ">
    <subfield code="a">(437.31-15)</subfield>
    <subfield code="2">MRF</subfield>
  </datafield>
  <datafield tag="080" ind1=" " ind2=" ">
    <subfield code="a">(084.3)</subfield>
    <subfield code="2">MRF</subfield>
  </datafield>
  <datafield tag="080" ind1=" " ind2=" ">
    <subfield code="a">355.483</subfield>
    <subfield code="2">MRF</subfield>
  </datafield>
  <datafield tag="100" ind1="1" ind2=" ">
    <subfield code="a">Riegel, Christoph</subfield>
    <subfield code="4">aut</subfield>
  </datafield>
  <datafield tag="245" ind1="1" ind2="0">
    <subfield code="a">Accurater Grund-Riß der Stadt Eger in Böhmen mit dennen herum liegenden Höhen</subfield>
    <subfield code="h">[kartografický dokument] /</subfield>
    <subfield code="c">Nurnberg zu finden bey Christoph Riegel Buch u. Kunsthändler unter der Vesten</subfield>
  </datafield>
  <datafield tag="255" ind1=" " ind2=" ">
    <subfield code="a">Měřítko neuvedeno</subfield>
    <subfield code="c">[(012°20´43&quot; v.d.--012°24´06&quot; v.d./050°05´34&quot; s.š.--050°03´19&quot; s.š.)]</subfield>
  </datafield>
  <datafield tag="260" ind1=" " ind2=" ">
    <subfield code="a">Nurnberg :</subfield>
    <subfield code="b">zu finden bey Christoph Riegel Buch u. Kunsthändler unter der Vesten,</subfield>
    <subfield code="c">[1742-1743]</subfield>
  </datafield>
  <datafield tag="300" ind1=" " ind2=" ">
    <subfield code="a">1 mapa :</subfield>
    <subfield code="b">mědirytina ;</subfield>
    <subfield code="c">20 x 35 cm v rámci 41,5 x 35 cm na listu 44 x 38 cm, složeno na 27 x 19 cm</subfield>
  </datafield>
  <datafield tag="500" ind1=" " ind2=" ">
    <subfield code="a">Výzdoba: v horních rozích pásky s legendou, uprostřed horního okraje názvové pole</subfield>
  </datafield>
  <datafield tag="500" ind1=" " ind2=" ">
    <subfield code="a">Plán Chebu je uprostřed listu, nad a pod ním jsou dílčí pohledy na města a trasu francouzské armády</subfield>
  </datafield>
  <datafield tag="500" ind1=" " ind2=" ">
    <subfield code="a">6 pohledů na listu</subfield>
  </datafield>
  <datafield tag="501" ind1=" " ind2=" ">
    <subfield code="a">Přívazek 19 k: Miscellanea iucundo-curiosa … T. I. / Hieronymus Haura</subfield>
  </datafield>
  <datafield tag="505" ind1="0" ind2="0">
    <subfield code="t">Marsch des K. Französischen Corpo, so Duc d&apos;Mallabois Commandirt wie weit selbiges in Böhmen avancirt A. 1742. --</subfield>
    <subfield code="g">9,7 x 30,5 cm. -- [(012°12´29&quot; v.d.--013°01´22&quot; v.d./050°19´05&quot; s.š.--050°03´19&quot; s.š.)]. -- 6 cm = 2 Teutsche Meillen</subfield>
  </datafield>
  <datafield tag="505" ind1="0" ind2="0">
    <subfield code="t">Grundriß deß Carlsbad in Bohmen. --</subfield>
    <subfield code="g">9,7 x 4,7 cm. -- [(012°50´28&quot; v.d.--012°54´26&quot; v.d./050°15´21&quot; s.š.--050°13´00&quot; s.š.)]</subfield>
  </datafield>
  <datafield tag="505" ind1="0" ind2="0">
    <subfield code="t">Grundris der Stadt Leutmeritz. --</subfield>
    <subfield code="g">11,5 x 23,5 cm. -- [(014°05´55&quot; v.d.--014°09´48&quot; v.d./050°33´16&quot; s.š.--050°31´20&quot; s.š.)]</subfield>
  </datafield>
  <datafield tag="505" ind1="0" ind2="0">
    <subfield code="t">Der Pas Elbogen. --</subfield>
    <subfield code="g">5,2 x 11,5 cm. -- [(015°06´36&quot; v.d.--015°07´23&quot; v.d./049°39´33&quot; s.š.--049°39´05&quot; s.š.)]</subfield>
  </datafield>
  <datafield tag="505" ind1="0" ind2="0">
    <subfield code="t">Prospect der Stadt Leutmeritz. -</subfield>
    <subfield code="g">6,2 x 11,5 cm. -- [(014°05´55&quot; v.d.--014°09´48&quot; v.d./050°33´16&quot; s.š.--050°31´20&quot; s.š.)]</subfield>
  </datafield>
  <datafield tag="590" ind1=" " ind2=" ">
    <subfield code="a">U levého okraje natržené</subfield>
  </datafield>
  <datafield tag="648" ind1=" " ind2="7">
    <subfield code="a">1701-1750</subfield>
    <subfield code="2">czenas</subfield>
  </datafield>
  <datafield tag="650" ind1="0" ind2="7">
    <subfield code="a">historické knihovní fondy</subfield>
    <subfield code="2">czenas</subfield>
  </datafield>
  <datafield tag="650" ind1=" " ind2="7">
    <subfield code="a">bojiště</subfield>
    <subfield code="2">czenas</subfield>
  </datafield>
  <datafield tag="651" ind1=" " ind2="7">
    <subfield code="a">Cheb (Česko)</subfield>
    <subfield code="2">czenas</subfield>
  </datafield>
  <datafield tag="651" ind1=" " ind2="7">
    <subfield code="a">Čechy západní (Česko)</subfield>
    <subfield code="2">czenas</subfield>
  </datafield>
  <datafield tag="655" ind1=" " ind2="7">
    <subfield code="a">historické mapy</subfield>
    <subfield code="2">czenas</subfield>
  </datafield>
  <datafield tag="740" ind1="0" ind2="2">
    <subfield code="a">Marsch des K. Französischen Corpo, so Duc d&apos;Mallabois Commandirt wie weit selbiges in Böhmen avancirt A. 1742.</subfield>
  </datafield>
  <datafield tag="740" ind1="0" ind2="2">
    <subfield code="a">Grundriß deß Carlsbad in Bohmen.</subfield>
  </datafield>
  <datafield tag="740" ind1="0" ind2="2">
    <subfield code="a">Grundris der Stadt Leutmeritz.</subfield>
  </datafield>
  <datafield tag="740" ind1="4" ind2="2">
    <subfield code="a">Der Pas Elbogen</subfield>
  </datafield>
  <datafield tag="740" ind1="0" ind2="2">
    <subfield code="a">Prospect der Stadt Leutmeritz</subfield>
  </datafield>
  <datafield tag="910" ind1=" " ind2=" ">
    <subfield code="b">A-019,přív.19</subfield>
  </datafield>
  <datafield tag="978" ind1=" " ind2=" ">
    <subfield code="a">Riegel</subfield>
    <subfield code="b">Christoph</subfield>
    <subfield code="c">Nürnberg</subfield>
    <subfield code="f">1742-1743</subfield>
  </datafield>
  <datafield tag="984" ind1=" " ind2=" ">
    <subfield code="a">Norimberk</subfield>
    <subfield code="b">Německo</subfield>
  </datafield>
  <datafield tag="SGG" ind1=" " ind2=" ">
    <subfield code="a">019</subfield>
  </datafield>
  <datafield tag="LKR" ind1=" " ind2=" ">
    <subfield code="a">UP</subfield>
    <subfield code="b">1082675</subfield>
    <subfield code="l">MZK03</subfield>
    <subfield code="m">přívazek 19</subfield>
    <subfield code="n">záznam 1. díla</subfield>
  </datafield>
  <datafield tag="PRU" ind1=" " ind2=" ">
    <subfield code="a">VZMP 101210 LH</subfield>
  </datafield>
</record>

</collection>  
